@BOOK{introductiondm,
    TITLE = {Introduction to Data Mining},
    AUTHOR = {Tan, Pang-Ning and Steinbach, Michael and Kumar, Vipin},
    PUBLISHER = {Pearson},
    YEAR = {2018}
}
